 @inbook{mc,
  author = {William L Brogan},
  title = {Modern Control Theory},
  publisher = {Pearson},
  year = {2011},
  edition = {3}
 }

 @online{lo,
  author = {Benjamin Seibold},
  title = {A Mathematical Introduction to Traffic Flow Theory},
  year = {2015},
  note = {\url{http://helper.ipam.ucla.edu/publications/tratut/tratut_12985.pdf}},
  organization = {Institute for Pure and Applied Mathematics}
 }

 @PhdThesis{kw,
  author = {Wenlong Jin},
  title = {Kinematic Wave Models of Network Vehicular Traffic},
  school = {University of California},
  year = {2003},
  month = {September},
  note = {\url{http://www.its.uci.edu/~wjin/publications/jin2003dissertation.pdf}}
 }

 @online{tf,
  title = {Traffic Flow},
  note = {\url{https://en.wikipedia.org/wiki/Traffic_flow}}
 }

 @online{rp,
  title = {Riemann problem},
  note = {\url{https://en.wikipedia.org/wiki/Riemann_problem}}
 }
